@article{Fahey2008a, author = {Fahey, Brian J. and Nelson, Rendon C and Bradway, David P. and Hsu, Stephen J. and Dumont, Douglas M. and Trahey, Gregg E.}, doi = {10.1088/0031-9155/53/1/020}, institution = {Department of Biomedical Engineering, Duke University, Durham, NC, USA.}, issn = {0031-9155}, journal = {Physics in medicine and biology}, month = jan,number = {1}, pages = {279--93}, pmid = {18182703}, title = {{In vivo visualization of abdominal malignancies with acoustic radiation force elastography}}, volume = {53}, year = {2008}}
@article{Fahey2008c, author = {Fahey, Brian J and Nelson, Rendon C and Hsu, Stephen J and Bradway, David P and Dumont, Douglas M and Trahey, Gregg E}, doi = {10.1016/j.ultrasmedbio.2008.03.006}, journal = {Ultrasound in medicine \& biology}, month = oct,number = {10}, pages = {1590--603}, pmid = {18471954}, title = {{In vivo guidance and assessment of liver radio-frequency ablation with acoustic radiation force elastography}}, volume = {34}, year = {2008}}
@article{Nightingale2008, author = {Nightingale, Kathryn and Palmeri, Mark and Zhai, Liang and Frinkley, Kristin and Wang, Michael and Dahl, Jeremy and Fahey, Brian and Hsu, Stephen and Bradway, David and Trahey, Gregg}, doi = {10.1121/1.2935460}, issn = {00014966}, journal = {The Journal of the Acoustical Society of America}, month = may,number = {5}, pages = {3792}, publisher = {Acoustical Society of America}, title = {{Impulsive acoustic radiation force: imaging approaches and clinical applications}}, volume = {123}, year = {KR}}
@article{Nightingale2009, title={Elasticity Imaging with Acoustic Radiation Force: Methods and Clinical Applications},  author={Nightingale, Kathy and Palmeri, Mark and Dahl, Jeremy and Bradway, David and Hsu, Stephen and Bouchard, Richard and Dumont, Doug and Rosenzweig, Stephen and Rotemberg, Veronica and Wang, Michael and Zhai, Liang}, journal={Japanese journal of medical ultrasonics}, volume={36}, pages={116}, year={2009}}
@article{Wolf2011, author = {Wolf, Patrick D. and Eyerly, Stephanie A. and Bradway, David P. and Dumont, Douglas M. and Bahnson, Tristram D. and Nightingale, Kathy R. and Trahey, Gregg E.}, doi = {10.1121/1.3587978}, issn = {00014966}, journal = {The Journal of the Acoustical Society of America}, month = apr,number = {4}, pages = {2438}, publisher = {Acoustical Society of America}, title = {{Near real time evaluation of cardiac radiofrequency ablation lesions with intracardiac echocardiography based acoustic radiation force impulse imaging}}, volume = {129}, year = {2011}}
@article{Eyerly2012, author = {Eyerly, Stephanie A. and Bahnson, Tristram D. and Koontz, Jason I. and Bradway, David P. and Dumont, Douglas M. and Trahey, Gregg E. and Wolf, Patrick D.}, doi = {10.1016/j.hrthm.2012.07.003}, issn = {1556-3871}, journal = {Heart rhythm: the official journal of the Heart Rhythm Society}, month = jul,number = {11}, pages = {1855--1862}, pmid = {22772134}, title = {{Intracardiac acoustic radiation force impulse imaging: A novel imaging method for intraprocedural evaluation of radiofrequency ablation lesions}}, volume = {9}, year = {2012}}
@article{Hollender2013, title={Intracardiac acoustic radiation force impulse (ARFI) and shear wave imaging in pigs with focal infarctions}, author={Hollender, Peter and Bradway, David and Wolf, Patrick and Goswami, Robi and Trahey, Gregg}, journal={IEEE transactions on ultrasonics, ferroelectrics, and frequency control}, volume={60}, number={8}, pages={1669--1682}, year={2013}, publisher={IEEE}, doi = {10.1109/TUFFC.2013.2749}}
@article{Patel2014, annote = {10.1177/0161734613511595 },  author = {Patel, Vivek and Dahl, Jeremy J and Bradway, David P and Doherty, Joshua R and Lee, Seung Yun and Smith, Stephen W}, doi = {10.1177/0161734613511595}, journal = {Ultrasonic Imaging}, month = apr,number = {2}, pages = {98--111}, title = {{Acoustic Radiation Force Impulse Imaging (ARFI) on an IVUS Circular Array}}, volume = {36}, year = {2014}}
@article{Eyerly2014, annote = {10.1177/0161734613519602},  author = {Eyerly, Stephanie A and Bahnson, Tristram D and Koontz, Jason I and Bradway, David P and Dumont, Douglas M and Trahey, Gregg E and Wolf, Patrick D}, doi = {10.1177/0161734613519602}, journal = {Ultrasonic Imaging}, month = apr,number = {2}, pages = {133--148}, title = {{Contrast in Intracardiac Acoustic Radiation Force Impulse Images of Radiofrequency Ablation Lesions}}, volume = {36}, year = {2014}}
@article{jensen2016, title={Safety Assessment of Advanced Imaging Sequences I: Measurements}, author={Jensen, J{\o}rgen Arendt and Rasmussen, Morten Fischer and Pihl, Michael Johannes and Holbek, Simon and Hoyos Carlos Armando Villag{\'o}mez and Bradway, David P and Stuart, Matthias Bo and Tomov, Borislav Gueorguiev}, doi = {10.1109/TUFFC.2015.2502987}, journal={IEEE transactions on ultrasonics, ferroelectrics, and frequency control}, volume={63}, number={1}, pages={110--119}, year={2016}, publisher={IEEE}}
@article{bottenus2016, title={Feasibility of Swept Synthetic Aperture Ultrasound Imaging}, author={Bottenus, Nick and Long, Will and Zhang, Haichong and Jakovljevic, Marko and Bradway, David and Boctor, Emad and Trahey, Gregg}, doi = {10.1109/TMI.2016.2524992}, year={2016}, publisher={IEEE}}
@article{Long2018, title={Clinical Utility of Fetal Short-Lag Spatial Coherence Imaging}, author={Long, Will and Hyun, Dongwoon and Choudhury, Kingshuk Roy and Bradway, David and McNally, Patricia and Boyd, Brita and Ellestad, Sarah and Trahey, Gregg E}, doi = {10.1016/j.ultrasmedbio.2017.12.006}, journal={Ultrasound in medicine \& biology}, year={2018}, publisher={Elsevier}}

@inproceedings{Hsu2007c, author = {Hsu, Stephen J. and Bradway, David P. and Fahey, Brian J. and Trahey, Gregg E.}, booktitle = {Ultrasonic Measurement and Imaging of Tissue Elasticity}, title = {{Transthoracic Acoustic Radiation Force Impulse Imaging of the Cardiac Cycle}}, year = {2007}}
@inproceedings{Bradway2007, author = {Bradway, David P. and Hsu, Stephen J. and Fahey, Brian J. and Dahl, Jeremy J. and Nichols, Timothy C and Trahey, Gregg E.}, doi = {10.1109/ULTSYM.2007.121}, isbn = {978-1-4244-1383-6}, issn = {1051-0117}, booktitile = {2007 IEEE Ultrasonics Symposium Proceedings}, keywords = {6B-6  Transthoracic Cardiac Acoustic Radiation For}, month = oct,pages = {448--451}, publisher = {IEEE}, title = {{6B-6 Transthoracic Cardiac Acoustic Radiation Force Impulse Imaging: A Feasibility Study}}, year = {2007}}
@inproceedings{Fahey2007b, author = {Fahey, Brian J. and Nelson, Rendon C and Hsu, Stephen J. and Bradway, David P. and Dumont, Douglas M. and Trahey, Gregg E.}, booktitle = {2007 IEEE Ultrasonics Symposium Proceedings}, doi = {10.1109/ULTSYM.2007.119}, isbn = {978-1-4244-1383-6}, issn = {1051-0117}, keywords = {6B-4  In Vivo Acoustic Radiation Force Impulse Ima}, month = oct,pages = {440--443}, publisher = {IEEE}, title = {{6B-4 In Vivo Acoustic Radiation Force Impulse Imaging of Abdominal Lesions}}, year = {2007}}
@inproceedings{Bradway2009, author = {Bradway, David P. and Fahey, Brian J. and Nelson, Rendon C. and Trahey, Gregg E.}, title = {{ARFI imaging of abdominal ablation and liver lesion biopsy}}, booktitle = {International Symposium on Ultrasonic Imaging and Tissue Characterization, 2009.}, url = {http://uitc-symposium.org/2009_abstracts.pdf}, year = {2009}}
@inproceedings{Husarik2009, author = {Husarik, D.B. and Nelson, Rendon C. and Bradway, David P. and Fahey, Brian J. and Nightingale, Kathryn R. and Trahey, Gregg E.}, title = {{First Clinical Experience with Sonographic Elastography of the Liver Using Acoustic Radiation Force Impulse (ARFI) Imaging}}, booktitle = {RSNA}, url = {http://rsna2009.rsna.org/search}, year = {2009}}
@inproceedings{Nelson2009, author = {Nelson, Rendon C. and Bradway, David P. and Fahey, Brian J. and Trahey, Gregg E.}, title = {{Future Application of Ultrasound: Acoustic Radiation Force Impulse (ARFI) Imaging}}, booktitle = {AIUM}, url = {http://www.aium.org/loginRequired/membersOnly/proceedings/2009.pdf}, year = {2009}}
@inproceedings{Bradway2009b, author = {Bradway, David P. and Fahey, Brian J. and Nelson, Rendon C. and Trahey, Gregg E.}, title = {{Recent Clinical Results of Acoustic Radiation Force Impulse Imaging of Abdominal Ablation}}, booktitle = {International Tissue Elasticity Conference}, url = {http://www.elasticityconference.org/prior_conf/2009/PDF/2009Proceedings.pdf}, year = {2009}}
@inproceedings{Hsu2010, author = {Hsu, Stephen J. and Bradway, David P. and Bouchard, Richard R. and Hollender, Peter J. and Wolf, Patrick D. and Trahey, Gregg E.}, booktitle = {2010 IEEE International Ultrasonics Symposium}, doi = {10.1109/ULTSYM.2010.5935661}, isbn = {978-1-4577-0382-9}, month = oct,pages = {698--701}, publisher = {IEEE}, title = {{Parametric pressure-volume analysis and acoustic radiation force impulse imaging of left ventricular function}}, year = {2010}, doi = {10.1109/ULTSYM.2010.5935661}}
@inproceedings{Hollender2010, author = {Hollender, Peter J. and Bouchard, Richard R. and Hsu, Stephen J. and Bradway, David P. and Wolf, Patrick D. and Trahey, Gregg E.}, booktitle = {2010 IEEE International Ultrasonics Symposium}, isbn = {9781457703805}, issn = {19485719}, month = oct, pages = {698--701}, publisher = {IEEE}, title = {{Intracardiac measurements of elasticity using Acoustic Radiation Force Impulse (ARFI) methods: Temporal and spatial stability of shear wave velocimetry}}, year = {2010}, doi = {10.1109/ULTSYM.2010.5935946}}
@inproceedings{Bradway2010, author = {Bradway, David P. and Hsu, Stephen J. and Wolf, Patrick D. and Trahey, Gregg E.}, title = {{Acoustic Radiation Force Impulse Imaging of Acute Myocardial Ischemia and Infarct}}, booktitle = {International Symposium on Ultrasonic Imaging and Tissue Characterization}, url = {http://uitc-symposium.org/2010_abstracts.pdf}, year = {2010}}
@inproceedings{Bradway2010b, author = {Bradway, David P. and Hsu, Stephen J. and Wolf, Patrick D. and Trahey, Gregg E.}, title = {{Transthoracic Acoustic Radiation Force Impulse Imaging of Cardiac Function}}, booktitle = {International Tissue Elasticity Conference}, url = {http://www.elasticityconference.org/prior_conf/2010/PDF/2010Proceedings.pdf}, year = {2010}}
@inproceedings{Bradway2011, author = {Bradway, David P. and Rosenzweig, Stephen R. and Doherty, Joshua R. and Hyun, Dongwoon and Trahey, Gregg E.}, title = {{Recent Results and Advances in Transthoracic Cardiac Acoustic Radiation Force Impulse Imaging}}, booktitle = {International Symposium on Ultrasonic Imaging and Tissue Characterization}, url = {http://www.elasticityconference.org/prior_conf/2011/PDF/2011ITECProceedings.pdf}, year = {2011}}
@inproceedings{Byram2011, author = {Byram, Brett C. and Gianantonio, Doug M. and Bradway, David P. and Hyun, Dongwoon and Jakovljevic, Marko and Crowley, A.L. and Kim, H.W. and Parker, M. and Kim, R. and Judd, R. and Trahey, Gregg E.}, title = {{Direct in vivo Myocardial Infarct Visualization Using 3D Ultrasound and Passive Strain Contrast}}, booktitle = {International Tissue Elasticity Conference}, url = {http://www.elasticityconference.org/prior_conf/2011/PDF/2011ITECProceedings.pdf}, year = {2011}}
@inproceedings{Byram2011b, author = {Byram, Brett C. and Bradway, David P. and Jakovljevic, Marko and Gianantonio, D. and Hyun, Dongwoon and Crowley, A.L. and Kim, Han and Van Assche, L. and Parker, M. and Kim,  R. and Judd,  R. and Trahey, Gregg E.}, title = {{Direct In Vivo Myocardial Infarct Visualization Using 3D Ultrasound and Passive Strain Contrast}}, booktitle = {IEEE Ultrasonics Symp}, doi = {10.1109/ULTSYM.2011.0007}, year = {2011}}
@inproceedings{Bradway2012, title={Feasibility and safety of transthoracic cardiac acoustic radiation force impulse imaging methods}, author={Bradway, David P and Hollender, Peter J and Goswami, Robi and Wolf, Patrick D and Trahey, Gregg E}, booktitle={2012 IEEE International Ultrasonics Symposium}, pages={2027--2030}, year={2012}, organization={IEEE}, doi = {10.1109/ULTSYM.2012.0507}}
@inproceedings{Bradway2012b, author = {Bradway, David P. and Hollender, Peter J. and Goswami, Robi and Wolf, Patrick D. and Trahey, Gregg E.}, title = {{Transthoracic Cardiac Acoustic Radiation Force Impulse Imaging: in vivo Feasibility, Methods, and Initial Results}}, booktitle = {International Symposium on Ultrasonic Imaging and Tissue Characterization, 2012.}, url = {http://uitc-symposium.org/2012_abstracts.pdf}, year = {2012}}
@inproceedings{Hollender2012, author = {Hollender, Peter J. and Bradway, David P. and Goswami, Robi and Wolf, Patrick D. and Trahey, Gregg E.}, title = {{Acoustic radiation force techniques for imaging cardiac infarct in vivo: methods and initial results}}, booktitle = {International Symposium on Ultrasonic Imaging and Tissue Characterization}, url = {http://uitc-symposium.org/2012_abstracts.pdf}, year = {2012}}
@inproceedings{Eyerly2012b, author = {Eyerly, Stephanie A. and Bahnson, T. and Koontz, Jason and Bradway, David P. and Dumont, D.M. and Trahey, Gregg E. and Wolf, Patrick D.}, title = {{Confirmation of Cardiac Radiofrequency Ablation Treatment Using Intra-Procedure Acoustic Radiation Force Impulse Imaging}}, booktitle = {IEEE Ultrasonics Symposium}, doi = {10.1109/ULTSYM.2012.0509}, year = {2012}}
@inproceedings{Hollender2012b, author = {Hollender, Peter J. and Bradway, David P. and Wolf, Patrick D. and Goswami, Robi and Trahey, Gregg E.}, title = {{Intracardiac ARF-driven Shear Wave Velocimetry to Estimate Regional Myocardial Stiffness and Contractility in Pigs with Focal Infarctions}}, booktitle = {IEEE Ultrasonics Symposium}, doi = {10.1109/ULTSYM.2012.0508}, year = {2012}}
@inproceedings{Goswami2013, author = {Goswami, Robi and Bradway, David and Kisslo, Joseph and Trahey, Gregg}, booktitle = {Journal of the American College of Cardiology}, doi = {10.1016/S0735-1097(13)61090-6}, issn = {07351097}, month = mar,number = {10}, pages = {E1090}, publisher = {American College of Cardiology Foundation}, title = {{Novel Application of Acoustic Radiation Force Impulse Imaging in Transthoracic Echocardiography}}, DOI = {10.1016/S0735-1097(13)61090-6}, volume = {61}, year = {2013}}
@inproceedings{Patel2013, author = {Patel, Vivek and Dahl, Jeremy J. and Bradway, David P. and Doherty, Joshua R. and Smith, Stephen W.}, booktitle = {2013 IEEE International Ultrasonics Symposium (IUS)}, doi = {10.1109/ULTSYM.2013.0199}, isbn = {978-1-4673-5686-2}, issn = {1948-5719}, month = jul,pages = {773--776}, publisher = {IEEE}, shorttitle = {Ultrasonics Symposium (IUS), 2013 IEEE Internation}, title = {{Acoustic radiation force impulse imaging on an IVUS circular array}}, year = {2013}}
@inproceedings{Bradway2014, author = {Bradway, David Pierson and Pihl, Michael Johannes and Krebs, andreas and Tomov, Borislav Gueorguiev and Kjær, Carsten Straso and Nikolov, Svetoslav Ivanov and Jensen, Jørgen Arendt}, title = {{Real-time GPU implementation of transverse oscillation vector velocity flow imaging}}, booktitle = {SPIE Medical Imaging}, year = {2014},journal = {Proc. SPIE},volume = {9040},pages = {90401Y-90401Y-6},doi = {10.1117/12.2043582}}
@inproceedings{Bradway2015, author = {Bradway, David P. and Hansen, Kristoffer L. and Nielsen, Michael B. and Jensen, Jørgen A.}, title = {{Transverse oscillation vector flow imaging for transthoracic echocardiography}},booktitle = {SPIE Medical Imaging}, doi = {10.1117/12.2081145}, pages = {941902-941902-7},year = {2015}}
@inproceedings{Hollender2017, title={Single track location comb-push ultrasound shear elastography (STL-CUSE)}, author={Hollender, Peter and Bottenus, Nicholas and Bradway, David and Trahey, Gregg}, doi = {10.1109/ULTSYM.2017.8091901}, booktitle={Ultrasonics Symposium (IUS), 2017 IEEE International}, pages={1--4}, year={2017}, organization={IEEE}}
@inproceedings{Kakkad2017, title={Clinical feasibility of a noninvasive method to interrogate myocardial function via strain and acoustic radiation force-derived stiffness}, author={Kakkad, Vaibhav and Ferlauto, Harrison and Bradway, David and Heyde, Brecht and Kisslo, Joseph and Trahey, Gregg}, doi = {10.1109/ULTSYM.2017.8092067}, booktitle={Ultrasonics Symposium (IUS), 2017 IEEE International}, pages={1--1}, year={2017}, organization={IEEE}}
@inproceedings{Long2017, title={Translation of fetal short-lag spatial coherence (SLSC) imaging into clinical practice: A pilot study}, author={Long, Will and Hyun, Dongwoon and Choudhury, Kingshuk and Bradway, David and McNally, Patricia and Ellestad, Sarah and Trahey, Gregg}, doi = {10.1109/ULTSYM.2017.8091968}, booktitle={Ultrasonics Symposium (IUS), 2017 IEEE International}, pages={1--1}, year={2017}, organization={IEEE}}

